<?xml version="1.0" encoding="UTF-8"?><record xmlns="http://www.loc.gov/MARC21/slim" xmlns:cinclude="http://apache.org/cocoon/include/1.0" xmlns:zs="http://www.loc.gov/zing/srw/">
  <leader>00439nz  a2200121n  4500</leader>
  <controlfield tag="001">n  84045027 </controlfield>
  <controlfield tag="003">DLC</controlfield>
  <controlfield tag="005">19840803143114.5</controlfield>
  <controlfield tag="008">840716n| acannaab|          |n aaa |||  </controlfield>
  <datafield tag="010" ind1=" " ind2=" ">
    <subfield code="a">n  84045027 </subfield>
  </datafield>
  <datafield tag="040" ind1=" " ind2=" ">
    <subfield code="a">DLC</subfield>
    <subfield code="c">DLC</subfield>
    <subfield code="d">DLC</subfield>
  </datafield>
  <datafield tag="100" ind1="1" ind2="0">
    <subfield code="a">Burchett, J. C. S.</subfield>
    <subfield code="q">(James Charles Sholto),</subfield>
    <subfield code="d">1930-</subfield>
  </datafield>
  <datafield tag="670" ind1=" " ind2=" ">
    <subfield code="a">His The company tax recoupment law, c1984:</subfield>
    <subfield code="b">t.p. (J. C. S. Burchett, Q.C., LL.B.) Aus. CIP data (Burchett, J. C. S. (James Charles Sholto), 1903- )</subfield>
  </datafield>
</record>